@book{richerson,
  author = {David W. Richerson},
  title = {Modern Ceramic Engineering},
  publisher = {Taylor \& Francis},
  year = {2018}
}
